@article{Ferranti2024,
  author       = {Luca Ferranti and
                  Marcelo Forets and
                  Christian Schilling},
  title        = {{RangeEnclosures}.jl: A framework to bound function ranges},
  journal      = {Proceedings of the JuliaCon Conferences},
  volume       = {1},
  number       = {1},
  pages        = {3},
  year         = {2024},
  publisher    = {The Open Journal},
  url          = {https://doi.org/10.21105/jcon.00122},
  doi          = {10.21105/jcon.00122}
}
