@inproceedings{AlthoffGK18,
  author       = {Matthias Althoff and
                  Dmitry Grebenyuk and
                  Niklas Kochdumper},
  editor       = {Goran Frehse and
                  Matthias Althoff and
                  Sergiy Bogomolov and
                  Taylor T. Johnson},
  title        = {Implementation of Taylor models in {CORA} 2018},
  booktitle    = {Applied Verification of Continuous and Hybrid Systems ({ARCH18})},
  series       = {EPiC Series in Computing},
  volume       = {54},
  pages        = {145--173},
  publisher    = {EasyChair},
  year         = {2018},
  url          = {https://doi.org/10.29007/zzc7},
  doi          = {10.29007/ZZC7}
}
