@inproceedings{legat2017sos,
  author    = {Legat, Beno{\^\i}t and Coey, Chris and Deits, Robin and Huchette, Joey and Perry, Amelia},
  title     = {{Sum-of-squares optimization in Julia}},
  booktitle = {The First Annual JuMP-dev Workshop},
  year      = {2017},
}

@inproceedings{benet2019taylormodels,
  author    = {Benet, Luis and
            Forets, Marcelo and
            Sanders, David P. and
            Schilling, Christian},
  title     = {{TaylorModels}.jl: {T}aylor models in {J}ulia and its application to validated solutions of {ODE}s},
  booktitle = {{SWIM}},
  year      = {2019},
  url       = {https://swim2019.ensta-paristech.fr/},
}

@inproceedings{althoff2018implementation,
  author    = {Matthias Althoff and
               Dmitry Grebenyuk and
               Niklas Kochdumper},
  title     = {Implementation of {T}aylor models in {CORA} 2018},
  booktitle = {{ARCH}},
  pages     = {145--173},
  year      = {2018},
  url       = {https://doi.org/10.29007/zzc7},
  doi       = {10.29007/zzc7},
}

@article{althoff2021set,
  title={Set propagation techniques for reachability analysis},
  author={Althoff, Matthias and Frehse, Goran and Girard, Antoine},
  journal={Annual Review of Control, Robotics, and Autonomous Systems},
  volume={4},
  number={1},
  year={2021},
  url={https://doi.org/10.1146/annurev-control-071420-081941},
  doi={10.1146/annurev-control-071420-081941}
}

@article{BezansonEKS17,
  author    = {Jeff Bezanson and
               Alan Edelman and
               Stefan Karpinski and
               Viral B. Shah},
  title     = {Julia: {A} Fresh Approach to Numerical Computing},
  journal   = {{SIAM} Rev.},
  volume    = {59},
  number    = {1},
  pages     = {65--98},
  year      = {2017},
  url       = {https://doi.org/10.1137/141000671},
  doi       = {10.1137/141000671}
}

@article{kreinovich2002range,
  author    = {Vladik Kreinovich},
  title     = {Range estimation is {NP}-hard for $\varepsilon^2$ accuracy and feasible for $\varepsilon^{2- \delta}$},
  journal   = {Reliab. Comput.},
  volume    = {8},
  number    = {6},
  pages     = {481--491},
  year      = {2002},
  url       = {https://doi.org/10.1023/A:1021368627321},
  doi       = {10.1023/A:1021368627321},
}

@book{hansen2003global,
  title={Global optimization using interval analysis: revised and expanded},
  author={Hansen, Eldon and Walster, G William},
  volume={264},
  year={2003},
  publisher={CRC Press}
}

@article{de2004affine,
  author    = {Luiz Henrique de Figueiredo and
               Jorge Stolfi},
  title     = {Affine Arithmetic: Concepts and Applications},
  journal   = {Numer. Algorithms},
  volume    = {37},
  number    = {1-4},
  pages     = {147--158},
  year      = {2004},
  url       = {https://doi.org/10.1023/B:NUMA.0000049462.70970.b6},
  doi       = {10.1023/B:NUMA.0000049462.70970.b6},
}

@book{moore2009introduction,
  author    = {Ramon E. Moore and
               R. Baker Kearfott and
               Michael J. Cloud},
  title     = {Introduction to Interval Analysis},
  publisher = {{SIAM}},
  year      = {2009},
  url       = {https://doi.org/10.1137/1.9780898717716},
  doi       = {10.1137/1.9780898717716},
  isbn      = {978-0-89871-669-6},
}

@article{ForetsS21,
  author    = {Marcelo Forets and
               Christian Schilling},
  title     = {{LazySets.jl}: Scalable Symbolic-Numeric Set Computations},
  journal   = {Proceedings of the Julia\-Con Conferences},
  volume    = {1},
  number    = {1},
  pages     = {11},
  year      = {2021},
  publisher = {The Open Journal},
  url       = {https://doi.org/10.21105/jcon.00097},
  doi       = {10.21105/jcon.00097}
}
